
@article{Mpemba_effect,
  title = {{Cool?}},
  author = {Mpemba, E. B. and Osborne, D. G.},
  journal = {Phys. Educ.},
  volume = {4},
  number = {3},
  pages = {172},
  year = {1969},
  month = {May},
  doi = {10.1088/0031-9120/4/3/312},
  url = {https://dx.doi.org/10.1088/0031-9120/4/3/312}
}

@article{QNQS_prl,
  title = {{M}pemba Effects in Open Nonequilibrium Quantum Systems},
  author = {Nava, Andrea and Egger, Reinhold},
  journal = {Phys. Rev. Lett.},
  volume = {133},
  number = {13},
  pages = {136302},
  year = {2024},
  month = {Sep},
  doi = {10.1103/PhysRevLett.133.136302},
  url = {https://link.aps.org/doi/10.1103/PhysRevLett.133.136302}
}

@article{heat_engines_PRA,
  title = {Speeding up quantum heat engines by the {M}pemba effect},
  author = {Liu, Dehua and Yuan, Jiehong and Ruan, Huilin and Xu, Yang and Luo, Shaolin and He, Jizhou and He, Xian and Ma, Yongli and Wang, Jianhui},
  journal = {Phys. Rev. A},
  volume = {110},
  number = {4},
  pages = {042218},
  year = {2024},
  month = {Oct},
  doi = {10.1103/PhysRevA.110.042218},
  url = {https://link.aps.org/doi/10.1103/PhysRevA.110.042218}
}


@book{introduction_XYchain,
   title={An Introduction to Integrable Techniques for One-Dimensional Quantum Systems},
   ISBN={9783319484877},
   ISSN={1616-6361},
   url={http://dx.doi.org/10.1007/978-3-319-48487-7},
   DOI={10.1007/978-3-319-48487-7},
   journal={Lecture Notes in Physics},
   publisher={Springer International Publishing},
   author={Franchini, Fabio},
   year={2017} }

@article{IQME_2025,
  title = {Intrinsic quantum {M}pemba effect in Markovian systems and quantum circuits},
  author = {Qian, Dongheng and Wang, Huan and Wang, Jing},
  journal = {Phys. Rev. B},
  volume = {111},
  number = {22},
  pages = {L220304},
  year = {2025},
  month = {Jun},
  doi = {10.1103/PhysRevB.111.L220304},
  url = {https://link.aps.org/doi/10.1103/PhysRevB.111.L220304}
}

@article{NOQS_prr,
  title = {{M}pemba effects in nonequilibrium open quantum systems},
  author = {Wang, Xuanhua and Wang, Jin},
  journal = {Phys. Rev. Res.},
  volume = {6},
  number = {3},
  pages = {033330},
  year = {2024},
  month = {Sep},
  doi = {10.1103/PhysRevResearch.6.033330},
  url = {https://link.aps.org/doi/10.1103/PhysRevResearch.6.033330}
}

@article{random_circuits_2024,
  title = {Symmetry Restoration and Quantum {M}pemba Effect in Symmetric Random Circuits},
  author = {Liu, Shuo and Zhang, Hao-Kai and Yin, Shuai and Zhang, Shi-Xin},
  journal = {Phys. Rev. Lett.},
  volume = {133},
  number = {14},
  pages = {140405},
  year = {2024},
  month = {Oct},
  doi = {10.1103/PhysRevLett.133.140405},
  url = {https://link.aps.org/doi/10.1103/PhysRevLett.133.140405}
}

@article{random_circuits_2025,
  title = {Quantum {M}pemba effect in random circuits},
  author = {Turkeshi, Xhek and Calabrese, Pasquale and De Luca, Andrea},
  journal = {Phys. Rev. Lett.},
  volume = {},
  pages = {},
  year = {2025},
  month = {Jun},
  doi = {10.1103/5d6p-8d1b},
  url = {https://link.aps.org/doi/10.1103/PhysRevLett.xxx.xxx}
}

@article{2024_explore_QME,
  title = {Exploring quantum {M}pemba effects},
  author = {Warring, Ulrich},
  journal = {Physics},
  volume = {17},
  pages = {105},
  year = {2024}
}

@article{dots_jpcm,
  title = {Role of electron–electron interaction in the {M}pemba effect in quantum dots},
  author = {Graf, Juliane and Splettstoesser, Janine and Monsel, Juliette},
  journal = {J. Phys.: Condens. Matter},
  volume = {37},
  number = {19},
  pages = {195302},
  year = {2025},
  month = {Apr},
  doi = {10.1088/1361-648X/adc3e3},
  url = {http://dx.doi.org/10.1088/1361-648X/adc3e3}
}

@article{Batteries_QME_2025,
  title = {Anomalous Discharging of Quantum Batteries: The Ergotropic {M}pemba Effect},
  author = {Medina, Ivan and Culhane, Oisín and Binder, Felix C. and Landi, Gabriel T. and Goold, John},
  journal = {Phys. Rev. Lett.},
  volume = {134},
  number = {22},
  pages = {220402},
  year = {2025},
  month = {Jun},
  doi = {10.1103/PhysRevLett.134.220402},
  url = {https://link.aps.org/doi/10.1103/PhysRevLett.134.220402}
}

@article{2006_ME,
  title = {The {M}pemba effect: When can hot water freeze faster than cold?},
  author = {Jeng, Monwhea},
  journal = {Am. J. Phys.},
  volume = {74},
  number = {6},
  pages = {514--522},
  year = {2006},
  month = {Jun},
  doi = {10.1119/1.2186331},
  url = {https://doi.org/10.1119/1.2186331}
}

@article{2020_Burridge,
  title = {Observing the {M}pemba effect with minimal bias and the value of the {M}pemba effect to scientific outreach and engagement},
  author = {Burridge, Henry C. and Hallstadius, Oscar},
  journal = {Proc. R. Soc. A},
  volume = {476},
  number = {2241},
  pages = {20190829},
  year = {2020},
  doi = {10.1098/rspa.2019.0829},
  url = {https://royalsocietypublishing.org/doi/abs/10.1098/rspa.2019.0829}
}

@article{Burridge2016,
  title = {Questioning the {M}pemba effect: hot water does not cool more quickly than cold},
  author = {Burridge, Henry C. and Linden, Paul F.},
  journal = {Sci. Rep.},
  volume = {6},
  number = {1},
  pages = {37665},
  year = {2016},
  month = {Nov},
  doi = {10.1038/srep37665},
  url = {https://doi.org/10.1038/srep37665}
}

@article{ME_index_prx,
  title = {{M}pemba Index and Anomalous Relaxation},
  author = {Klich, Israel and Raz, Oren and Hirschberg, Ori and Vucelja, Marija},
  journal = {Phys. Rev. X},
  volume = {9},
  number = {2},
  pages = {021060},
  year = {2019},
  month = {Jun},
  doi = {10.1103/PhysRevX.9.021060},
  url = {https://link.aps.org/doi/10.1103/PhysRevX.9.021060}
}

@article{Thermomajorization_ME,
  title = {Thermomajorization {M}pemba Effect},
  author = {Van Vu, Tan and Hayakawa, Hisao},
  journal = {Phys. Rev. Lett.},
  volume = {134},
  number = {10},
  pages = {107101},
  year = {2025},
  month = {Mar},
  doi = {10.1103/PhysRevLett.134.107101},
  url = {https://link.aps.org/doi/10.1103/PhysRevLett.134.107101}
}

@article{2024_OL,
  title = {Photonic {M}pemba effect},
  author = {Longhi, Stefano},
  journal = {Opt. Lett.},
  volume = {49},
  number = {18},
  pages = {5188--5191},
  year = {2024},
  month = {Sep},
  doi = {10.1364/OL.532503},
  url = {https://opg.optica.org/ol/abstract.cfm?URI=ol-49-18-5188}
}

@article{strong_ME_exponential_acceleration_prl,
  title = {Exponentially Accelerated Approach to Stationarity in Markovian Open Quantum Systems through the {M}pemba Effect},
  author = {Carollo, Federico and Lasanta, Antonio and Lesanovsky, Igor},
  journal = {Phys. Rev. Lett.},
  volume = {127},
  number = {6},
  pages = {060401},
  year = {2021},
  month = {Aug},
  doi = {10.1103/PhysRevLett.127.060401},
  url = {https://link.aps.org/doi/10.1103/PhysRevLett.127.060401}
}

@article{strong_ME_exponential_acceleration_pra,
  title = {Accelerating the approach of dissipative quantum spin systems towards stationarity through global spin rotations},
  author = {Kochsiek, Simon and Carollo, Federico and Lesanovsky, Igor},
  journal = {Phys. Rev. A},
  volume = {106},
  number = {1},
  pages = {012207},
  year = {2022},
  month = {Jul},
  doi = {10.1103/PhysRevA.106.012207},
  url = {https://link.aps.org/doi/10.1103/PhysRevA.106.012207}
}

@article{strong_ME_exponential_acceleration_prr,
  title = {Accelerating relaxation through Liouvillian exceptional point},
  author = {Zhou, Yan-Li and Yu, Xiao-Die and Wu, Chun-Wang and Li, Xie-Qian and Zhang, Jie and Li, Weibin and Chen, Ping-Xing},
  journal = {Phys. Rev. Res.},
  volume = {5},
  number = {4},
  pages = {043036},
  year = {2023},
  month = {Oct},
  doi = {10.1103/PhysRevResearch.5.043036},
  url = {https://link.aps.org/doi/10.1103/PhysRevResearch.5.043036}
}

@article{NRP2025,
  title = {The quantum {M}pemba effects},
  author = {Ares, Filiberto and Calabrese, Pasquale and Murciano, Sara},
  journal = {Nat. Rev. Phys.},
  pages = {1--10},
  year = {2025}
}

@article{strong_ME_nc_exp,
  title = {Observation of quantum strong {M}pemba effect},
  author = {Zhang, Jie and Xia, Gang and Wu, Chun-Wang and Chen, Ting and Zhang, Qian and Xie, Yi and Su, Wen-Bo and Wu, Wei and Qiu, Cheng-Wei and Chen, Ping-Xing and Li, Weibin and Jing, Hui and Zhou, Yan-Li},
  journal = {Nat. Commun.},
  volume = {16},
  number = {1},
  pages = {301},
  year = {2025},
  month = {Jan},
  doi = {10.1038/s41467-024-54303-0},
  url = {https://doi.org/10.1038/s41467-024-54303-0}
}

@article{inverse_ME_ion,
  title = {Inverse {M}pemba Effect Demonstrated on a Single Trapped Ion Qubit},
  author = {Shapira, Shahaf Aharony and Shapira, Yotam and Markov, Jovan and Teza, Gianluca and Akerman, Nitzan and Raz, Oren and Ozeri, Roee},
  journal = {Phys. Rev. Lett.},
  volume = {133},
  number = {1},
  pages = {010403},
  year = {2024},
  month = {Jul},
  doi = {10.1103/PhysRevLett.133.010403},
  url = {https://link.aps.org/doi/10.1103/PhysRevLett.133.010403}
}

@article{ME_neq_free_energy,
  title = {Thermodynamics of the Quantum {M}pemba Effect},
  author = {Moroder, Mattia and Culhane, Oisín and Zawadzki, Krissia and Goold, John},
  journal = {Phys. Rev. Lett.},
  volume = {133},
  number = {14},
  pages = {140404},
  year = {2024},
  month = {Oct},
  doi = {10.1103/PhysRevLett.133.140404},
  url = {https://link.aps.org/doi/10.1103/PhysRevLett.133.140404}
}

@article{dissipative_dynamics_all_connect,
  title = {Lindblad dissipative dynamics in the presence of phase coexistence},
  author = {Nava, Andrea and Fabrizio, Michele},
  journal = {Phys. Rev. B},
  volume = {100},
  number = {12},
  pages = {125102},
  year = {2019},
  month = {Sep},
  doi = {10.1103/PhysRevB.100.125102},
  url = {https://link.aps.org/doi/10.1103/PhysRevB.100.125102}
}

@article{open_mark_dot_PRB,
  title = {Green's function approach to Josephson dot dynamics and application to quantum {M}pemba effects},
  author = {Zatsarynna, Kateryna and Nava, Andrea and Egger, Reinhold and Zazunov, Alex},
  journal = {Phys. Rev. B},
  volume = {111},
  number = {10},
  pages = {104506},
  year = {2025},
  month = {Mar},
  doi = {10.1103/PhysRevB.111.104506},
  url = {https://link.aps.org/doi/10.1103/PhysRevB.111.104506}
}

@article{mixed_states_dephase_prb,
  title = {Quantum {M}pemba effect in free-fermionic mixed states},
  author = {Ares, Filiberto and Vitale, Vittorio and Murciano, Sara},
  journal = {Phys. Rev. B},
  volume = {111},
  number = {10},
  pages = {104312},
  year = {2025},
  month = {Mar},
  doi = {10.1103/PhysRevB.111.104312},
  url = {https://link.aps.org/doi/10.1103/PhysRevB.111.104312}
}

@article{Translation_symmetry_random_2025,
  title = {Translation symmetry restoration under random unitary dynamics},
  author = {Klobas, Katja and Rylands, Colin and Bertini, Bruno},
  journal = {Phys. Rev. B},
  volume = {111},
  number = {14},
  pages = {L140304},
  year = {2025},
  month = {Apr},
  doi = {10.1103/PhysRevB.111.L140304},
  url = {https://link.aps.org/doi/10.1103/PhysRevB.111.L140304}
}

@article{optical_pra,
  title = {Quenching from superfluid to free bosons in two dimensions: Entanglement, symmetries, and the quantum {M}pemba effect},
  author = {Yamashika, Shion and Calabrese, Pasquale and Ares, Filiberto},
  journal = {Phys. Rev. A},
  volume = {111},
  number = {4},
  pages = {043304},
  year = {2025},
  month = {Apr},
  doi = {10.1103/PhysRevA.111.043304},
  url = {https://link.aps.org/doi/10.1103/PhysRevA.111.043304}
}

@article{dual_unitary_circuits_PRXQ,
  title = {Nonequilibrium Dynamics of Charged Dual-Unitary Circuits},
  author = {Foligno, Alessandro and Calabrese, Pasquale and Bertini, Bruno},
  journal = {PRX Quantum},
  volume = {6},
  number = {1},
  pages = {010324},
  year = {2025},
  month = {Feb},
  doi = {10.1103/PRXQuantum.6.010324},
  url = {https://link.aps.org/doi/10.1103/PRXQuantum.6.010324}
}

@article{non_mark_PRA,
  title = {Quantum {M}pemba effect of localization in the dissipative mosaic model},
  author = {Dong, J. W. and Mu, H. F. and Qin, M. and Cui, H. T.},
  journal = {Phys. Rev. A},
  volume = {111},
  number = {2},
  pages = {022215},
  year = {2025},
  month = {Feb},
  doi = {10.1103/PhysRevA.111.022215},
  url = {https://link.aps.org/doi/10.1103/PhysRevA.111.022215}
}

@article{Non_Markovian_QME,
  title = {Non-Markovian Quantum {M}pemba Effect},
  author = {Strachan, David J. and Purkayastha, Archak and Clark, Stephen R.},
  journal = {Phys. Rev. Lett.},
  volume = {134},
  number = {22},
  pages = {220403},
  year = {2025},
  month = {Jun},
  doi = {10.1103/PhysRevLett.134.220403},
  url = {https://link.aps.org/doi/10.1103/PhysRevLett.134.220403}
}

@article{QME_reservoirs_quantum_dot,
  title = {Quantum {M}pemba Effect in a Quantum Dot with Reservoirs},
  author = {Chatterjee, Amit Kumar and Takada, Satoshi and Hayakawa, Hisao},
  journal = {Phys. Rev. Lett.},
  volume = {131},
  number = {8},
  pages = {080402},
  year = {2023},
  month = {Aug},
  doi = {10.1103/PhysRevLett.131.080402},
  url = {https://link.aps.org/doi/10.1103/PhysRevLett.131.080402}
}

@article{eigenvalue_crossing,
  title = {Eigenvalue Crossing as a Phase Transition in Relaxation Dynamics},
  author = {Teza, Gianluca and Yaacoby, Ran and Raz, Oren},
  journal = {Phys. Rev. Lett.},
  volume = {130},
  number = {20},
  pages = {207103},
  year = {2023},
  month = {May},
  doi = {10.1103/PhysRevLett.130.207103},
  url = {https://link.aps.org/doi/10.1103/PhysRevLett.130.207103}
}

@article{EA_probe,
  title = {Entanglement asymmetry as a probe of symmetry breaking},
  author = {Ares, Filiberto and Murciano, Sara and Calabrese, Pasquale},
  journal = {Nat. Commun.},
  volume = {14},
  number = {1},
  pages = {2036},
  year = {2023},
  month = {Apr},
  doi = {10.1038/s41467-023-37747-8},
  url = {https://doi.org/10.1038/s41467-023-37747-8}
}

@article{QME_symm_presp_2025,
  title = {Quantum {M}pemba effects from symmetry perspectives},
  author = {Yu, Hui and Liu, Shuo and Zhang, Shi-Xin},
  journal = {AAPPS Bull.},
  volume = {35},
  number = {1},
  pages = {2309--4710},
  year = {2025},
  month = {Jul},
  doi = {10.1007/s43673-025-00157-7},
  url = {http://dx.doi.org/10.1007/s43673-025-00157-7}
}

@article{quasiparticle,
  title = {Evolution of entanglement entropy in one-dimensional systems},
  author = {Calabrese, Pasquale and Cardy, John},
  journal = {J. Stat. Mech.: Theory Exp.},
  volume = {2005},
  number = {04},
  pages = {P04010},
  year = {2005},
  month = {Apr},
  doi = {10.1088/1742-5468/2005/04/P04010},
  url = {http://dx.doi.org/10.1088/1742-5468/2005/04/P04010}
}

@article{XY_chain,
  title = {Entanglement asymmetry and quantum {M}pemba effect in the XY spin chain},
  author = {Murciano, Sara and Ares, Filiberto and Klich, Israel and Calabrese, Pasquale},
  journal = {J. Stat. Mech.: Theory Exp.},
  volume = {2024},
  number = {1},
  pages = {013103},
  year = {2024},
  month = {Jan},
  doi = {10.1088/1742-5468/ad17b4},
  url = {http://dx.doi.org/10.1088/1742-5468/ad17b4}
}

@article{XX_chain,
  title = {Lack of symmetry restoration after a quantum quench: An entanglement asymmetry study},
  author = {Ares, Filiberto and Murciano, Sara and Vernier, Eric and Calabrese, Pasquale},
  journal = {SciPost Phys.},
  volume = {15},
  pages = {089},
  year = {2023},
  doi = {10.21468/SciPostPhys.15.3.089},
  url = {https://scipost.org/10.21468/SciPostPhys.15.3.089}
}

@article{Rule54,
  title = {Non-equilibrium dynamics of symmetry-resolved entanglement and entanglement asymmetry: exact asymptotics in Rule 54},
  author = {Klobas, Katja},
  journal = {J. Phys. A: Math. Theor.},
  volume = {57},
  number = {50},
  pages = {505001},
  year = {2024},
  month = {Nov},
  doi = {10.1088/1751-8121/ad91fd},
  url = {http://dx.doi.org/10.1088/1751-8121/ad91fd}
}

@article{2d_free_fermion,
  title = {Entanglement asymmetry and quantum {M}pemba effect in two-dimensional free-fermion systems},
  author = {Yamashika, Shion and Ares, Filiberto and Calabrese, Pasquale},
  journal = {Phys. Rev. B},
  volume = {110},
  number = {8},
  pages = {085126},
  year = {2024},
  month = {Aug},
  doi = {10.1103/PhysRevB.110.085126},
  url = {https://link.aps.org/doi/10.1103/PhysRevB.110.085126}
}

@article{Heisenberg_chain,
  title = {Dynamical symmetry restoration in the Heisenberg spin chain},
  author = {Rylands, Colin and Vernier, Eric and Calabrese, Pasquale},
  journal = {J. Stat. Mech.: Theory Exp.},
  volume = {2024},
  number = {12},
  pages = {123102},
  year = {2024},
  doi = {10.1088/1742-5468/ad97b3},
  url = {https://iopscience.iop.org/article/10.1088/1742-5468/ad97b3}
}

@article{Abanin2019,
  title = {Colloquium: Many-body localization, thermalization, and entanglement},
  author = {Abanin, Dmitry A. and Altman, Ehud and Bloch, Immanuel and Serbyn, Maksym},
  journal = {Rev. Mod. Phys.},
  volume = {91},
  number = {2},
  pages = {021001},
  year = {2019},
  month = {May},
  doi = {10.1103/RevModPhys.91.021001},
  url = {http://dx.doi.org/10.1103/RevModPhys.91.021001}
}

@article{Integrable_PRL,
  title = {Microscopic Origin of the Quantum {M}pemba Effect in Integrable Systems},
  author = {Rylands, Colin and Klobas, Katja and Ares, Filiberto and Calabrese, Pasquale and Murciano, Sara and Bertini, Bruno},
  journal = {Phys. Rev. Lett.},
  volume = {133},
  number = {1},
  pages = {010401},
  year = {2024},
  month = {Jul},
  doi = {10.1103/PhysRevLett.133.010401},
  url = {https://link.aps.org/doi/10.1103/PhysRevLett.133.010401}
}

@article{2020_PRB_mbl,
  title = {Experimental probes of Stark many-body localization},
  author = {Taylor, S. R. and Schulz, M. and Pollmann, F. and Moessner, R.},
  journal = {Phys. Rev. B},
  volume = {102},
  number = {5},
  pages = {054206},
  year = {2020},
  month = {Aug},
  doi = {10.1103/PhysRevB.102.054206},
  url = {https://link.aps.org/doi/10.1103/PhysRevB.102.054206}
}

@article{2019_PNAS_mbl,
  title = {From Bloch oscillations to many-body localization in clean interacting systems},
  author = {van Nieuwenburg, Evert and Baum, Yuval and Refael, Gil},
  journal = {Proc. Natl. Acad. Sci. U.S.A.},
  volume = {116},
  number = {19},
  pages = {9269--9274},
  year = {2019},
  doi = {10.1073/pnas.1819316116},
  url = {https://www.pnas.org/doi/abs/10.1073/pnas.1819316116}
}

@article{2013_PRL_Level_Ratio,
  title = {Distribution of the Ratio of Consecutive Level Spacings in Random Matrix Ensembles},
  author = {Atas, Y. Y. and Bogomolny, E. and Giraud, O. and Roux, G.},
  journal = {Phys. Rev. Lett.},
  volume = {110},
  number = {8},
  pages = {084101},
  year = {2013},
  month = {Feb},
  doi = {10.1103/PhysRevLett.110.084101},
  url = {https://link.aps.org/doi/10.1103/PhysRevLett.110.084101}
}

@article{QME_trapped_ion,
  title = {Observing the Quantum {M}pemba Effect in Quantum Simulations},
  author = {Joshi, Lata Kh. and Franke, Johannes and Rath, Aniket and Ares, Filiberto and Murciano, Sara and Kranzl, Florian and Blatt, Rainer and Zoller, Peter and Vermersch, Benoît and Calabrese, Pasquale and Roos, Christian F. and Joshi, Manoj K.},
  journal = {Phys. Rev. Lett.},
  volume = {133},
  number = {1},
  pages = {010402},
  year = {2024},
  month = {Jul},
  doi = {10.1103/PhysRevLett.133.010402},
  url = {https://link.aps.org/doi/10.1103/PhysRevLett.133.010402}
}

@article{yan_coupler_2018,
  title = {Tunable Coupling Scheme for Implementing High-Fidelity Two-Qubit Gates},
  author = {Yan, Fei and Krantz, Philip and Sung, Youngkyu and Kjaergaard, Morten and Campbell, Daniel L. and Orlando, Terry P. and Gustavsson, Simon and Oliver, William D.},
  journal = {Phys. Rev. Appl.},
  volume = {10},
  number = {5},
  pages = {054062},
  year = {2018},
  month = {Nov},
  doi = {10.1103/PhysRevApplied.10.054062},
  url = {https://link.aps.org/doi/10.1103/PhysRevApplied.10.054062}
}

@article{z2_XY_chain_2024,
  title = {Non-equilibrium entanglement asymmetry for discrete groups: the example of the XY spin chain},
  author = {Ferro, Florent and Ares, Filiberto and Calabrese, Pasquale},
  journal = {J. Stat. Mech.: Theory Exp.},
  volume = {2024},
  number = {2},
  pages = {023101},
  year = {2024},
  month = {Feb},
  doi = {10.1088/1742-5468/ad138f},
  url = {http://dx.doi.org/10.1088/1742-5468/ad138f}
}

@article{PhysRevE_2025_marko,
  title = {Information geometry approach to quantum stochastic thermodynamics},
  author = {Bettmann, Laetitia P. and Goold, John},
  journal = {Phys. Rev. E},
  volume = {111},
  number = {1},
  pages = {014133},
  year = {2025},
  month = {Jan},
  doi = {10.1103/PhysRevE.111.014133},
  url = {https://link.aps.org/doi/10.1103/PhysRevE.111.014133}
}

@article{10_Qubit_2017,
  title = {10-Qubit Entanglement and Parallel Logic Operations with a Superconducting Circuit},
  author = {Song, Chao and Xu, Kai and Liu, Wuxin and Yang, Chui-ping and Zheng, Shi-Biao and Deng, Hui and Xie, Qiwei and Huang, Keqiang and Guo, Qiujiang and Zhang, Libo and Zhang, Pengfei and Xu, Da and Zheng, Dongning and Zhu, Xiaobo and Wang, H. and Chen, Y.-A. and Lu, C.-Y. and Han, Siyuan and Pan, Jian-Wei},
  journal = {Phys. Rev. Lett.},
  volume = {119},
  number = {18},
  pages = {180511},
  year = {2017},
  month = {Nov},
  doi = {10.1103/PhysRevLett.119.180511},
  url = {https://link.aps.org/doi/10.1103/PhysRevLett.119.180511}
}

@article{1995_Auerbach,
  title = {Supercooling and the {M}pemba effect: When hot water freezes quicker than cold},
  author = {Auerbach, David},
  journal = {Am. J. Phys.},
  volume = {63},
  number = {10},
  pages = {882--885},
  year = {1995},
  month = {Oct},
  doi = {10.1119/1.18059},
  url = {https://doi.org/10.1119/1.18059}
}

@article{2022_prl_Colloids,
  title = {Anomalous Cooling and Overcooling of Active Colloids},
  author = {Schwarzendahl, Fabian Jan and Löwen, Hartmut},
  journal = {Phys. Rev. Lett.},
  volume = {129},
  number = {13},
  pages = {138002},
  year = {2022},
  month = {Sep},
  doi = {10.1103/PhysRevLett.129.138002},
  url = {https://link.aps.org/doi/10.1103/PhysRevLett.129.138002}
}

@article{2024_PRL,
  title = {Shortcuts of Freely Relaxing Systems Using Equilibrium Physical Observables},
  author = {Pemartín, Isidoro González-Adalid and Mompó, Emanuel and Lasanta, Antonio and Martín-Mayor, Víctor and Salas, Jesús},
  journal = {Phys. Rev. Lett.},
  volume = {132},
  number = {11},
  pages = {117102},
  year = {2024},
  month = {Mar},
  doi = {10.1103/PhysRevLett.132.117102},
  url = {https://link.aps.org/doi/10.1103/PhysRevLett.132.117102}
}

@article{Nature2020_colloidal,
  title = {Exponentially faster cooling in a colloidal system},
  author = {Kumar, Avinash and Bechhoefer, John},
  journal = {Nature},
  volume = {584},
  number = {7819},
  pages = {64--68},
  year = {2020},
  month = {Aug},
  doi = {10.1038/s41586-020-2560-x},
  url = {https://doi.org/10.1038/s41586-020-2560-x}
}

@article{2017_prl_Granular_Fluids,
  title = {When the Hotter Cools More Quickly: {M}pemba Effect in Granular Fluids},
  author = {Lasanta, Antonio and Vega Reyes, Francisco and Prados, Antonio and Santos, Andrés},
  journal = {Phys. Rev. Lett.},
  volume = {119},
  number = {14},
  pages = {148001},
  year = {2017},
  month = {Oct},
  doi = {10.1103/PhysRevLett.119.148001},
  url = {https://link.aps.org/doi/10.1103/PhysRevLett.119.148001}
}

@article{2017_PNAS_mark,
  title = {Nonequilibrium thermodynamics of the Markovian {M}pemba effect and its inverse},
  author = {Lu, Zhiyue and Raz, Oren},
  journal = {Proc. Natl. Acad. Sci. U.S.A.},
  volume = {114},
  number = {20},
  pages = {5083--5088},
  year = {2017},
  doi = {10.1073/pnas.1701264114},
  url = {https://www.pnas.org/doi/abs/10.1073/pnas.1701264114}
}

@article{PhysRevE_2023_markov,
  title = {Hyperacceleration of quantum thermalization dynamics by bypassing long-lived coherences: An analytical treatment},
  author = {Ivander, Felix and Anto-Sztrikacs, Nicholas and Segal, Dvira},
  journal = {Phys. Rev. E},
  volume = {108},
  number = {1},
  pages = {014130},
  year = {2023},
  month = {Jul},
  doi = {10.1103/PhysRevE.108.014130},
  url = {https://link.aps.org/doi/10.1103/PhysRevE.108.014130}
}

@article{PhysRevA_MQME,
  title = {Multiple quantum {M}pemba effect: Exceptional points and oscillations},
  author = {Chatterjee, Amit Kumar and Takada, Satoshi and Hayakawa, Hisao},
  journal = {Phys. Rev. A},
  volume = {110},
  number = {2},
  pages = {022213},
  year = {2024},
  month = {Aug},
  doi = {10.1103/PhysRevA.110.022213},
  url = {https://link.aps.org/doi/10.1103/PhysRevA.110.022213}
}

@article{PRXQuantum_wyy,
  title = {Exploring Hilbert-Space Fragmentation on a Superconducting Processor},
  author = {Wang, Yong-Yi and Shi, Yun-Hao and Sun, Zheng-Hang and Chen, Chi-Tong and Wang, Zheng-An and Zhao, Kui and Liu, Hao-Tian and Ma, Wei-Guo and Wang, Ziting and Li, Hao and Zhang, Jia-Chi and Liu, Yu and Deng, Cheng-Lin and Li, Tian-Ming and He, Yang and Liu, Zheng-He and Peng, Zhen-Yu and Song, Xiaohui and Xue, Guangming and Yu, Haifeng and Huang, Kaixuan and Xiang, Zhongcheng and Zheng, Dongning and Xu, Kai and Fan, Heng},
  journal = {PRX Quantum},
  volume = {6},
  number = {1},
  pages = {010325},
  year = {2025},
  month = {Feb},
  doi = {10.1103/PRXQuantum.6.010325},
  url = {https://link.aps.org/doi/10.1103/PRXQuantum.6.010325}
}

@article{PRA_ltm,
  title = {High-precision pulse calibration of tunable couplers for high-fidelity two-qubit gates in superconducting quantum processors},
  author = {Li, Tian-Ming and Zhang, Jia-Chi and Chen, Bing-Jie and Huang, Kaixuan and Liu, Hao-Tian and Xiao, Yong-Xi and Deng, Cheng-Lin and Liang, Gui-Han and Chen, Chi-Tong and Liu, Yu and Li, Hao and Bao, Zhen-Ting and Zhao, Kui and Xu, Yueshan and Li, Li and He, Yang and Liu, Zheng-He and Yu, Yi-Han and Zhou, Si-Yun and Liu, Yan-Jun and Song, Xiaohui and Zheng, Dongning and Xiang, Zhongcheng and Shi, Yun-Hao and Xu, Kai and Fan, Heng},
  journal = {Phys. Rev. Appl.},
  volume = {23},
  number = {2},
  pages = {024059},
  year = {2025},
  month = {Feb},
  doi = {10.1103/PhysRevApplied.23.024059},
  url = {https://link.aps.org/doi/10.1103/PhysRevApplied.23.024059}
}

@article{2024_science,
  title = {Realization of fractional quantum Hall state with interacting photons},
  author = {Wang, Can and Liu, Feng-Ming and Chen, Ming-Cheng and He, Chen and Zhao, Xian-He and Ying, Chong and Shang, Zhong-Xia and Wang, Jian-Wen and Huo, Yong-Heng and Peng, Cheng-Zhi and Zhu, Xiaobo and Lu, Chao-Yang and Pan, Jian-Wei},
  journal = {Science},
  volume = {384},
  number = {6695},
  pages = {579--584},
  year = {2024},
  doi = {10.1126/science.ado3912},
  url = {https://www.science.org/doi/abs/10.1126/science.ado3912}
}

@article{2024_nature,
  title = {Probing entanglement in a 2D hard-core Bose--Hubbard lattice},
  author = {Karamlou, Amir H. and Rosen, Ilan T. and Muschinske, Sarah E. and Barrett, Cora N. and Di Paolo, Agustin and Ding, Leon and Harrington, Patrick M. and Hays, Max and Das, Rabindra and Kim, David K. and Niedzielski, Bethany M. and Schuldt, Meghan and Serniak, Kyle and Schwartz, Mollie E. and Yoder, Jonilyn L. and Gustavsson, Simon and Yanay, Yariv and Grover, Jeffrey A. and Oliver, William D.},
  journal = {Nature},
  volume = {629},
  number = {8012},
  pages = {561--566},
  year = {2024},
  month = {May},
  doi = {10.1038/s41586-024-07325-z},
  url = {https://doi.org/10.1038/s41586-024-07325-z}
}

@article{2021_PRL_guo,
  title = {Stark Many-Body Localization on a Superconducting Quantum Processor},
  author = {Guo, Qiujiang and Cheng, Chen and Li, Hekang and Xu, Shibo and Zhang, Pengfei and Wang, Zhen and Song, Chao and Liu, Wuxin and Ren, Wenhui and Dong, Hang and Mondaini, Rubem and Wang, H.},
  journal = {Phys. Rev. Lett.},
  volume = {127},
  number = {24},
  pages = {240502},
  year = {2021},
  month = {Dec},
  doi = {10.1103/PhysRevLett.127.240502},
  url = {https://link.aps.org/doi/10.1103/PhysRevLett.127.240502}
}

@article{2020_SA_xu,
  title = {Probing dynamical phase transitions with a superconducting quantum simulator},
  author = {Xu, Kai and Sun, Zheng-Hang and Liu, Wuxin and Zhang, Yu-Ran and Li, Hekang and Dong, Hang and Ren, Wenhui and Zhang, Pengfei and Nori, Franco and Zheng, Dongning and Fan, Heng and Wang, H.},
  journal = {Sci. Adv.},
  volume = {6},
  number = {25},
  pages = {eaba4935},
  year = {2020},
  doi = {10.1126/sciadv.aba4935},
  url = {https://www.science.org/doi/abs/10.1126/sciadv.aba4935}
}

@article{2019_science,
  title = {Generation of multicomponent atomic Schrödinger cat states of up to 20 qubits},
  author = {Song, Chao and Xu, Kai and Li, Hekang and Zhang, Yu-Ran and Zhang, Xu and Liu, Wuxin and Guo, Qiujiang and Wang, Zhen and Ren, Wenhui and Hao, Jie and Feng, Hui and Fan, Heng and Zheng, Dongning and Wang, Da-Wei and Zhu, Shi-Yao},
  journal = {Science},
  volume = {365},
  number = {6453},
  pages = {574--577},
  year = {2019},
  doi = {10.1126/science.aay0600},
  url = {https://www.science.org/doi/abs/10.1126/science.aay0600}
}
@misc{integrable_arxiv,
  title = {Translation symmetry restoration in integrable systems: the noninteracting case},
  author = {Gibbins, Molly and Smith, Adam and Bertini, Bruno},
  eprint = {2506.14555},
  archivePrefix = {arXiv}
}

@misc{non_mark,
  title = {Thermodynamic limits of the {M}pemba effect: A unified resource theory analysis},
  author = {Alyürük, Doruk Can and Yeşiller, Mahir H. and Vedral, Vlatko and Pusuluk, Onur},
  eprint = {2502.00123},
  archivePrefix = {arXiv}
}

@misc{2025_periodicallydrivenEA,
  title = {Entanglement asymmetry in periodically driven quantum systems},
  author = {Banerjee, Tista and Das, Suchetan and Sengupta, K.},
  eprint = {2412.03654},
  archivePrefix = {arXiv}
}

@misc{2024superconducting_QME,
  title = {Dephasing-assisted diffusive dynamics in superconducting quantum circuits},
  author = {Liang, Yongqi and Xie, Changrong and Guo, Zechen and Huang, Peisheng and Huang, Wenhui and Liu, Yiting and Qiu, Jiawei and Sun, Xuandong and Wang, Zilin and Yang, Xiaohan and Zhang, Jiawei and Zhang, Jiajian and Zhang, Libo and Chu, Ji and Guo, Weijie and Jiang, Ji and Linpeng, Xiayu and Liu, Song and Niu, Jingjing and Zhou, Yuxuan and Ren, Wenhui and Tao, Ziyu and Zhong, Youpeng and Yu, Dapeng},
  eprint = {2411.15571},
  archivePrefix = {arXiv}
}

@misc{2024_DMP,
  title = {Double {M}pemba effect in the cooling of trapped colloids},
  author = {Malhotra, Isha and Löwen, Hartmut},
  eprint = {2406.19098},
  archivePrefix = {arXiv}
}

@misc{Breaking_Hamitonion_zhang,
  title = {Symmetry Breaking Dynamics in Quantum Many-Body Systems},
  author = {Yu, Hui and Li, Zi-Xiang and Zhang, Shi-Xin},
  eprint = {2501.13459},
  archivePrefix = {arXiv}
}

@misc{2025_QME_no_sym,
  title = {Quantum {M}pemba effect without global symmetries},
  author = {Bhore, Tanmay and Su, Lei and Martin, Ivar and Clerk, Aashish A. and Papić, Zlatko},
  eprint = {2505.17181},
  archivePrefix = {arXiv}
}

@misc{light_ME,
  title = {The {M}pemba effect in quantum oscillating and two-level systems},
  author = {Kheirandish, Fardin and Cheraghpour, Narges and Moradian, Adam},
  eprint = {2412.03943},
  archivePrefix = {arXiv}
}

@misc{ME_review_classical,
  title = {Speedups in nonequilibrium thermal relaxation: {M}pemba and related effects},
  author = {Teza, Gianluca and Bechhoefer, John and Lasanta, Antonio and Raz, Oren and Vucelja, Marija},
  eprint = {2502.01758},
  archivePrefix = {arXiv}
}

@misc{beyond_mark_2024,
  title = {Going beyond quantum Markovianity and back to reality: An exact master equation study},
  author = {Wang, Zhao-Ming and Wu, S. L. and Byrd, Mark S. and Wu, Lian-Ao},
  eprint = {2411.17197},
  archivePrefix = {arXiv}
}

@misc{QME_MBL,
  title = {Quantum {M}pemba effects in many-body localization systems},
  author = {Liu, Shuo and Zhang, Hao-Kai and Yin, Shuai and Zhang, Shi-Xin and Yao, Hong},
  eprint = {2408.07750},
  archivePrefix = {arXiv}
}

@misc{QME_long_range_spin,
  title = {The quantum {M}pemba effect in long-range spin systems},
  author = {Yamashika, Shion and Ares, Filiberto},
  eprint = {2507.06636},
  archivePrefix = {arXiv}
}

@misc{supp_cite,
	title={See the {S}upplementary {I}nformation for details, including: (i) experimental device specifications and performance, (ii) timing alignment and {Z}-pulse distortion calibration, (iii) modulation of coupling strength, and (iv) numerical simulations and analytical results.
	}
	}

@misc{prether_IME_arxiv,
  title = {Prethermal inverse {M}pemba effect},
  author = {Sugimoto, Koudai and Kuwahara, Tomotaka and Saito, Keiji},
  eprint = {2507.04669},
  archivePrefix = {arXiv}
}
